@MastersThesis{CahigMastersThesis,
  author      = {Christian {Cahig}},
  date        = {2022},
  institution = {Mindanao State University - Iligan Institute of Technology},
  title       = {A Computational Approach to Anticipating Supply Injections and Bus Voltages in Steady-State Power Systems Analysis},
  doi         = {10.5281/zenodo.7491508},
  address     = {Iligan, Philippines},
}

@Online{CahigMastersThesisDefenseSlides,
  author = {Christian {Cahig}}
  date   = {2022-11-23},
  title  = {Anticipatory Power Flow: Formulation, Computation, and Applications},
  url    = {https://github.com/christian-cahig/Masterarbeit-Slides},
}

@Comment{jabref-meta: databaseType:biblatex;}
